@article{aghanim2020planck,
	title={Planck 2018 results-VI. Cosmological parameters},
	author={Aghanim, Nabila and Akrami, Yashar and Ashdown, M and Aumont, J and Baccigalupi, C and Ballardini, M and Banday, AJ and Barreiro, RB and Bartolo, N and Basak, S and others},
	journal={Astronomy \& Astrophysics},
	volume={641},
	pages={A6},
	year={2020},
	publisher={EDP sciences}
}

@article{chapline1975cosmological,
	title={Cosmological effects of primordial black holes},
	author={Chapline, George F},
	journal={Nature},
	volume={253},
	number={5489},
	pages={251--252},
	year={1975},
	publisher={Nature Publishing Group}
}

@article{hawking1971gravitationally,
	title={Gravitationally collapsed objects of very low mass},
	author={Hawking, Stephen},
	journal={Monthly Notices of the Royal Astronomical Society},
	volume={152},
	number={1},
	pages={75--78},
	year={1971},
	publisher={Oxford University Press}
}

 @misc{carr1975primordial,
 	title={The Primordial black hole mass spectrum},
 	author={Carr, Bernard J},
 	year={1975},
 	publisher={Press}
 }


@article{villanueva2021brief,
	title={A brief review on primordial black holes as dark matter},
	author={Villanueva-Domingo, Pablo and Mena, Olga and Palomares-Ruiz, Sergio},
	journal={arXiv preprint arXiv:2103.12087},
	year={2021}
}

@article{clesse2018seven,
	title={Seven hints for primordial black hole dark matter},
	author={Clesse, Sebastien and Garcia-Bellido, Juan},
	journal={Physics of the Dark Universe},
	volume={22},
	pages={137--146},
	year={2018},
	publisher={Elsevier}
}

@article{raidal2017gravitational,
	title={Gravitational waves from primordial black hole mergers},
	author={Raidal, Martti and Vaskonen, Ville and Veerm{\"a}e, Hardi},
	journal={Journal of Cosmology and Astroparticle Physics},
	volume={2017},
	number={09},
	pages={037},
	year={2017},
	publisher={IOP Publishing}
}

@article{wyrzykowski2020constraining,
	title={Constraining the masses of microlensing black holes and the mass gap with Gaia DR2},
	author={Wyrzykowski, {\L}ukasz and Mandel, Ilya},
	journal={Astronomy \& Astrophysics},
	volume={636},
	pages={A20},
	year={2020},
	publisher={EDP Sciences}
}

@article{carr2020constraints,
	title={Constraints on primordial black holes},
	author={Carr, Bernard and Kohri, Kazunori and Sendouda, Yuuiti and Yokoyama, Jun'ichi},
	journal={arXiv preprint arXiv:2002.12778},
	year={2020}
}

@article{carr2020primordial,
	title={Primordial black holes as dark matter: recent developments},
	author={Carr, Bernard and K{\"u}hnel, Florian},
	journal={Annual Review of Nuclear and Particle Science},
	volume={70},
	pages={355--394},
	year={2020},
	publisher={Annual Reviews}
}